@book{biere2009handbook,
  title={Handbook of Satisfiability},
  editor={Biere, Armin and van Maaren, Hans and Walsh, Toby},
  year={2009},
  publisher={IOS Press},
  address={Amsterdam, Netherlands},
  isbn={978-1-58603-929-5},
  url={https://ebooks.iospress.nl/volume/handbook-of-satisfiability}
}

@book{zhang2013boolean,
  title={Boolean Satisfiability: Theory and Engineering},
  author={Zhang, Lintao and Malik, Sharad},
  year={2013},
  publisher={Springer},
  address={New York, NY},
  isbn={978-1-4614-6700-0},
  doi={10.1007/978-1-4614-6701-7}
}

@inproceedings{eensorensson2005minisat,
  title={MiniSat: A SAT Solver with Conflict-Clause Minimization},
  author={E{\'e}n, Niklas and S{\"o}rensson, Niklas},
  booktitle={Proceedings of the 8th International Conference on Theory and Applications of Satisfiability Testing (SAT 2005)},
  pages={502--518},
  year={2005},
  address={St. Andrews, UK},
  url={http://minisat.se/downloads/MiniSat.pdf}
}

@inproceedings{eensorensson2003extensible,
  title={An Extensible SAT-solver},
  author={E{\'e}n, Niklas and S{\"o}rensson, Niklas},
  booktitle={Proceedings of the 6th International Conference on Theory and Applications of Satisfiability Testing (SAT 2003)},
  pages={502--518},
  year={2003},
  address={Santa Margherita Ligure, Italy},
  url={http://minisat.se/downloads/MiniSat.pdf}
}


@inproceedings{audemardsimon2009glucose,
  title={Glucose: A SAT Solver Based on Conflict Analysis},
  author={Audemard, Gilles and Simon, Laurent},
  booktitle={Proceedings of the 12th International Conference on Theory and Applications of Satisfiability Testing (SAT 2009)},
  pages={21--25},
  year={2009},
  address={Swansea, UK},
  url={https://www.lri.fr/~simon/glucose.pdf}
}


@techreport{eensorensson2005minisatreport,
  title={MiniSat v1.14: A SAT Solver with Conflict-Clause Minimization},
  author={E{\'e}n, Niklas and S{\"o}rensson, Niklas},
  year={2005},
  institution={Chalmers University of Technology},
  url={http://minisat.se/downloads/MiniSat.pdf}
}


@manual{minisatmanual,
  title={MiniSat User Guide},
  author={E{\'e}n, Niklas and S{\"o}rensson, Niklas},
  year={2005},
  url={http://minisat.se/}
}

@misc{satcompetition,
  title={SAT Competition},
  year={2002--2023},
  url={https://satcompetition.org/},
  note={Annual competition proceedings and solver descriptions.}
}


@misc{minisatgithub,
  title={MiniSat GitHub Repository},
  author={E{\'e}n, Niklas and S{\"o}rensson, Niklas},
  year={2005},
  url={https://github.com/niklasso/minisat},
  note={Source code and documentation for MiniSat.}
}

@phdthesis{een2006sat,
  title={SAT Solving in Practice: Algorithms and Applications},
  author={E{\'e}n, Niklas},
  year={2006},
  school={Chalmers University of Technology},
  address={Gothenburg, Sweden},
  url={http://minisat.se/downloads/thesis.pdf}
}

@phdthesis{biere2012conflict,
  title={Conflict-Driven Clause Learning SAT Solvers},
  author={Biere, Armin},
  year={2012},
  school={Johannes Kepler University},
  address={Linz, Austria},
  url={https://arxiv.org/abs/1207.1757}
}

@phdthesis{heule2015efficient,
  title={Efficient SAT Solving: Theory and Practice},
  author={Heule, Marijn},
  year={2015},
  school={Delft University of Technology},
  address={Delft, Netherlands},
  url={https://doi.org/10.4233/uuid:5d1a7a5b-7c7e-4b8a-9b8f-5f8e8f5f8e8f}
}

@inproceedings{beskydsurynek2023parameter,
  title={Parameter Setting in SAT Solver using Machine Learning Techniques},
  author={Beskyd, Filip and Surynek, Pavel},
  year={2023},
  address={Praha 6, Czech Republic},
  publisher={Faculty of Information Technology, Czech Technical University},
  location={Thakurova 9, 160 00 Praha 6, Czech Republic},
  note={Faculty of Information Technology, Czech Technical University}
}

@manual{doxygenmanual,
  title={Doxygen Manual},
  author={van Heesch, Dimitri},
  year={1997--2023},
  url={https://www.doxygen.nl/manual/},
  note={Official documentation for Doxygen, a documentation generator for C++, C, Java, and other programming languages.},
  organization={Dimitri van Heesch and contributors}
}

@manual{clionmanual,
  title={CLion Documentation},
  author={{JetBrains}},
  year={2014--2023},
  url={https://www.jetbrains.com/help/clion/},
  note={Official documentation for CLion, a cross-platform IDE for C and C++ development by JetBrains.},
  organization={JetBrains}
}